% Bibliography 
% Reference to Theory of Mind paper

@article{Premack1978,
  doi = {10.1017/s0140525x00076512},
  url = {https://doi.org/10.1017/s0140525x00076512},
  
  month = {dec},
  publisher = {Cambridge University Press ({CUP})},
  volume = {1},
  number = {04},
  pages = {515},
  author = {David Premack and Guy Woodruff},
  title = {Does the chimpanzee have a theory of mind?},
  journal = {Behavioral and Brain Sciences},
}

@article{BaronCohen1985,
  doi = {10.1016/0010-0277(85)90022-8},
  url = {https://doi.org/10.1016/0010-0277(85)90022-8},
  year  = {1985},
  month = {oct},
  publisher = {Elsevier {BV}},
  volume = {21},
  number = {1},
  pages = {37--46},
  author = {Simon Baron-Cohen and Alan M. Leslie and Uta Frith},
  title = {Does the autistic child have a {\textquotedblleft}theory of mind{\textquotedblright} ?},
  journal = {Cognition}
}

% Reference to Bayesian Theory of Mind
@article{Baker2017,
  doi = {10.1038/s41562-017-0064},
  url = {https://doi.org/10.1038/s41562-017-0064},
  year  = {2017},
  month = {mar},
  publisher = {Springer Nature},
  volume = {1},
  number = {4},
  author = {Chris L. Baker and Julian Jara-Ettinger and Rebecca Saxe and Joshua B. Tenenbaum},
  title = {Rational quantitative attribution of beliefs,  desires and percepts in human mentalizing},
  journal = {Nature Human Behaviour}
}

@INPROCEEDINGS{Baker11bayesiantheory,
    author = {Chris L. Baker and Rebecca R. Saxe and Joshua B. Tenenbaum},
    title = {Bayesian theory of mind: Modeling joint belief-desire attribution},
    booktitle = {In Proceedings of the Thirtieth Third Annual Conference of the Cognitive Science Society},
    year = {2011},
    pages = {2469--2474}
}



% Reference to challenge of developing Theory of Mind applicable to autonomous systems

